<record><leader>00000cas a22000007a 4500</leader><controlfield tag="001">11264731</controlfield><controlfield tag="008">841015d18561862inuwr ne      0    0eng d</controlfield><datafield ind1=" " ind2=" " tag="010"><subfield code="a">sn 84038235 </subfield></datafield><datafield ind1=" " ind2=" " tag="040"><subfield code="a">NPX</subfield><subfield code="b">eng</subfield><subfield code="c">NPX</subfield><subfield code="d">NPI</subfield><subfield code="d">NVF</subfield><subfield code="d">OCLCQ</subfield><subfield code="d">SHH</subfield><subfield code="d">OCLCF</subfield></datafield><datafield ind1=" " ind2=" " tag="019"><subfield code="a">903593338</subfield></datafield><datafield ind1=" " ind2=" " tag="042"><subfield code="a">msc</subfield></datafield><datafield ind1="0" ind2="0" tag="245"><subfield code="a">Weekly Vincennes gazette.</subfield></datafield><datafield ind1=" " ind2=" " tag="260"><subfield code="a">Vincennes, Ind. :</subfield><subfield code="b">Harvey, Mason &amp; Co.</subfield></datafield><datafield ind1=" " ind2=" " tag="310"><subfield code="a">Weekly</subfield></datafield><datafield ind1="1" ind2=" " tag="362"><subfield code="a">Began in 1856; ceased in 1862.</subfield></datafield><datafield ind1=" " ind2=" " tag="580"><subfield code="a">Semiweekly ed.: Semi-weekly Vincennes gazette.</subfield></datafield><datafield ind1=" " ind2=" " tag="580"><subfield code="a">Daily ed.: Daily Vincennes gazette, 1856-&lt;1858&gt;.</subfield></datafield><datafield ind1=" " ind2=" " tag="588"><subfield code="a">Description based on: Vol. 26, no. 2 (June 4, 1856).</subfield></datafield><datafield ind1=" " ind2="0" tag="651"><subfield code="a">Vincennes (Ind.)</subfield><subfield code="v">Newspapers.</subfield></datafield><datafield ind1=" " ind2="7" tag="655"><subfield code="a">Newspapers.</subfield><subfield code="2">fast</subfield><subfield code="0">(OCoLC)fst01423814</subfield></datafield><datafield ind1=" " ind2="7" tag="651"><subfield code="a">Indiana</subfield><subfield code="z">Vincennes.</subfield><subfield code="2">fast</subfield><subfield code="0">(OCoLC)fst01211937</subfield></datafield><datafield ind1=" " ind2=" " tag="752"><subfield code="a">United States</subfield><subfield code="b">Indiana</subfield><subfield code="c">Knox</subfield><subfield code="d">Vincennes.</subfield></datafield><datafield ind1="1" ind2=" " tag="775"><subfield code="t">Semi-weekly Vincennes gazette</subfield><subfield code="w">(DLC)sn 86059160</subfield></datafield><datafield ind1="1" ind2=" " tag="775"><subfield code="t">Daily Vincennes gazette</subfield><subfield code="w">(DLC)sn 86059163</subfield></datafield><datafield ind1="0" ind2="0" tag="780"><subfield code="t">Vincennes gazette (Vincennes, Ind. : 1844)</subfield><subfield code="w">(DLC)sn 82014785</subfield></datafield><datafield ind1="0" ind2="5" tag="780"><subfield code="t">News of the day</subfield><subfield code="w">(DLC)sn 87055962</subfield></datafield><datafield ind1="0" ind2="0" tag="785"><subfield code="t">Vincennes gazette (Vincennes, Ind. : 1862)</subfield><subfield code="w">(DLC)sn 86059142</subfield></datafield></record>